@Article{AlMohy:Higham:2010,
  author  = {A. H. Al-Mohy and N. J. Higham},
  journal = {Numerical Algorithms},
  title   = {The complex step approximation to the {F}r{\'{e}}chet derivative of a matrix function},
  year    = {2010},
  pages   = {133--148},
  volume  = {53},
  doi     = {10.1007/s11075-009-9323-y},
}

@Article{Lai:Crassidis:2008,
  author  = {K.-L. Lai and J. L. Crassidis},
  journal = {Journal of Computational and Applied Mathematics},
  title   = {Extensions of the first and second complex-step derivative approximations},
  year    = {2008},
  pages   = {276--193},
  volume  = {219},
  doi     = {10.1016/j.cam.2007.07.026},
}

@TechReport{Petersen:Pedersen:2012,
  author      = {K. B. Petersen and M. S. Pedersen},
  institution = {Technical University of Denmark},
  title       = {The matrix cookbook},
  year        = {2012},
  note        = {Version: November 15, 2012},
  url         = {https://www2.imm.dtu.dk/pubdb/pubs/3274-full.html},
}

@TechReport{AbouMoustafa:2009,
  author      = {K. T. Abou-Moustafa},
  institution = {Centre for Intelligent Machines, McGill University},
  title       = {On derivatives of eigenvalues and eigenvectors of the generalized eigenvalue problem},
  year        = {2009},
  number      = {TR–CIM–10–09},
}

@Article{Fay:Jourbert:2010,
  author  = {T. H. Fay and S. V. Joubert},
  journal = {International Journal of Mathematical Education in Science and Technology},
  title   = {Separatrices},
  year    = {2010},
  number  = {3},
  pages   = {412--418},
  volume  = {41},
  doi     = {10.1080/00207390903398374},
}

@Comment{jabref-meta: databaseType:bibtex;}
